<collection xmlns="http://www.loc.gov/MARC21/slim">
<record>
  <leader>01164nam0a2200229 i 450 </leader>
  <controlfield tag="001">IT\ICCU\CNCE\071107</controlfield>
  <controlfield tag="005">20080530000000.0</controlfield>
  <datafield tag="012" ind1=" " ind2=" ">
    <subfield code="a">e-e- e-a- sier pess (3) 1534 (R)</subfield>
    <subfield code="2">fei</subfield>
  </datafield>
  <datafield tag="100" ind1=" " ind2=" ">
    <subfield code="a">20070618d1534        0itac0103    ba</subfield>
  </datafield>
  <datafield tag="101" ind1=" " ind2=" ">
    <subfield code="a">SPA</subfield>
  </datafield>
  <datafield tag="102" ind1=" " ind2=" ">
    <subfield code="a">IT</subfield>
  </datafield>
  <datafield tag="200" ind1="1" ind2=" ">
    <subfield code="a">Palmerin de Oliua: &amp; sus grandes fechos. Nueuamente emprimido: y corregido</subfield>
  </datafield>
  <datafield tag="210" ind1=" " ind2=" ">
    <subfield code="a">\Venezia</subfield>
    <subfield code="c">Giovanni Padovano &amp; Venturino Ruffinelli!</subfield>
    <subfield code="d">1534</subfield>
    <subfield code="e">Emprimido en Venei̇a</subfield>
    <subfield code="g">pe Juan paduan y Venturin de Rufinelli</subfield>
    <subfield code="h">1534 enel mes de Agosto</subfield>
  </datafield>
  <datafield tag="215" ind1=" " ind2=" ">
    <subfield code="a">407, \1! c.</subfield>
    <subfield code="d">8ʻ</subfield>
  </datafield>
  <datafield tag="500" ind1="1" ind2="1">
    <subfield code="3">IT\ICCU\CNCE\025629</subfield>
    <subfield code="a">Palmerin de Oliva</subfield>
  </datafield>
  <datafield tag="620" ind1=" " ind2=" ">
    <subfield code="a">IT</subfield>
    <subfield code="d">Venezia</subfield>
  </datafield>
  <datafield tag="712" ind1="0" ind2="0">
    <subfield code="a">Padovano, Giovanni &amp; Ruffinelli, Venturino</subfield>
    <subfield code="3">IT\ICCU\CNCT\000571</subfield>
    <subfield code="4">650</subfield>
  </datafield>
  <datafield tag="791" ind1="0" ind2="0">
    <subfield code="a">Patavinus, Ioannes &amp; Roffinellis, Venturinus de</subfield>
    <subfield code="3">IT\ICCU\CNCT\004017</subfield>
    <subfield code="z">Padovano, Giovanni &amp; Ruffinelli, Venturino</subfield>
  </datafield>
  <datafield tag="801" ind1=" " ind2="3">
    <subfield code="a">IT</subfield>
    <subfield code="b">ICCU</subfield>
    <subfield code="c">20201115</subfield>
  </datafield>
  <datafield tag="899" ind1=" " ind2=" ">
    <subfield code="a">Biblioteca statale di Montevergine. Mercogliano</subfield>
    <subfield code="1">AV0045</subfield>
    <subfield code="2">NAP MV</subfield>
  </datafield>
  <datafield tag="911" ind1=" " ind2=" ">
    <subfield code="a">Sul front.</subfield>
    <subfield code="9">IT\ICCU\CNCM\000716</subfield>
  </datafield>
  <datafield tag="921" ind1=" " ind2=" ">
    <subfield code="a">IT\ICCU\CNCM\000716</subfield>
    <subfield code="b">Fenice su fiamme, rivolta al sole. In cornice figurata.</subfield>
    <subfield code="e">Cremer usque licet, nunquam deficiam</subfield>
    <subfield code="c">V422</subfield>
    <subfield code="c">Z137</subfield>
    <subfield code="d">Con o senza motto</subfield>
    <subfield code="f">FENICE</subfield>
    <subfield code="f">SOLE</subfield>
    <subfield code="g">1534-1544</subfield>
  </datafield>
</record>
</collection>
